<?xml version="1.0" encoding="UTF-8"?><collection xmlns="http://www.loc.gov/MARC21/slim"><record><leader>00375nam--2200133-i-4500</leader><controlfield tag="001">000002671</controlfield><controlfield tag="002">20161230</controlfield><controlfield tag="005">20161230201025</controlfield><controlfield tag="008">060222s1000------------r-----000-0-eng-d</controlfield><datafield ind1=" " ind2=" " tag="100"><subfield code="a">Clark, L.H., Russ, Sidney And Pelc, L.R</subfield></datafield><datafield ind1=" " ind2=" " tag="245"><subfield code="a">Physics in medical radiology second edition revised</subfield></datafield><datafield ind1=" " ind2=" " tag="260"><subfield code="a">London, Chapman &amp; Hall Ltd, 1950</subfield></datafield><datafield ind1=" " ind2=" " tag="490"><subfield code="a">Viii + 296 P</subfield></datafield><datafield ind1=" " ind2=" " tag="852"><subfield code="a">615.849</subfield></datafield></record></collection>